<?xml version="1.0" encoding="UTF-8"?><collection xmlns="http://www.loc.gov/MARC21/slim"><record><leader>00347nam--2200121-i-4500</leader><controlfield tag="001">000042795</controlfield><controlfield tag="002">20161230</controlfield><controlfield tag="005">20161230201043</controlfield><controlfield tag="008">060222s1000------------r-----000-0-eng-d</controlfield><datafield ind1=" " ind2=" " tag="100"><subfield code="a">Stehle Heinz</subfield></datafield><datafield ind1=" " ind2=" " tag="245"><subfield code="a">Zur theorie des zusatzlichen elektrischer widerstandes von gitterfehlstellen</subfield></datafield><datafield ind1=" " ind2=" " tag="260"><subfield code="a">Stuttgart, Tech.Hochschule, 1957. 68 P</subfield></datafield><datafield ind1=" " ind2=" " tag="852"><subfield code="a">5772</subfield></datafield></record></collection>